@book{alfriend,
    title={Spacecraft Formation Flying: Dynamics, Control, and Navigation},
    author={Alfriend, Kyle T. and Vadali, Srinivas R. and Gurfil, Pini and How, Jonathan P. and Breger, Louis S.},
    year={2010},
    publisher={Elsevier Astrodynamics Series}
}